%% This BibTeX bibliography file was created using BibDesk.
%% http://bibdesk.sourceforge.net/

%% Created for Quenio at 2017-04-03 10:30:38 -0300


%% Saved with string encoding Unicode (UTF-8)

@misc{mda,
  author = {OMG},
  institution = {Object Management Group},
  title = {{Model Driven Architecture (MDA) MDA Guide rev. 2.0}},
  year = 2014,
  url = {http://www.omg.org/cgi-bin/doc?ormsc/14-06-01},
  keywords = {mda}
}

@misc{uml,
  author = {OMG},
  institution = {Object Management Group},
  title = {{Unified Modeling Language (UML), Superstructure, Version 2.5}},
  year = 2015,
  url = {http://www.omg.org/spec/UML/2.5},
  keywords = {uml}
}

@misc{ocl,
  author = {OMG},
  institution = {Object Management Group},
  title = {{Object Constraint Language (OCL), Version 2.4}},
  year = 2014,
  url = {http://www.omg.org/spec/OCL/2.4},
  keywords = {ocl}
}

@misc{mof,
  author = {OMG},
  institution = {Object Management Group},
  title = {{Meta Object Facility (MOF) Core Specification, Version 2.5.1}},
  year = 2016,
  url = {http://www.omg.org/spec/MOF/2.5.1},
  keywords = {uml}
}

@incollection{hutn,
author="Rose, Louis M. and Paige, Richard F. and Kolovos, Dimitrios S. and Polack, Fiona A. C.",
editor="Czarnecki, Krzysztof and Ober, Ileana and Bruel, Jean-Michel and Uhl, Axel and V{\"o}lter, Markus",
title={{Constructing Models with the Human-Usable Textual Notation}},
bookTitle={{Model Driven Engineering Languages and Systems: 11th International Conference, MoDELS 2008, Toulouse, France, September 28 - October 3, 2008. Proceedings}},
year="2008",
publisher="Springer Berlin Heidelberg",
address="Berlin, Heidelberg",
pages="249--263",
isbn="978-3-540-87875-9",
doi="10.1007/978-3-540-87875-9_18",
url="http://dx.doi.org/10.1007/978-3-540-87875-9_18"
}

@book{torben,
  author = {Mogensen, Torben ï¿½gidius},
  isbn = {978-0-85729-829-4},
  keywords = {dblp},
  pages = {I-XXI, 1-204},
  publisher = {Springer},
  series = {{Undergraduate Topics in Computer Science}},
  title = {{Introduction to Compiler Design.}},
  year = 2011,
  url = {http://dx.doi.org/10.1007/978-0-85729-829-4}
}

@incollection{st,
 author = {Parr, Terence John},
 title = {{Enforcing Strict Model-view Separation in Template Engines}},
 booktitle = {{Proceedings of the 13th International Conference on World Wide Web}},
 series = {WWW '04},
 year = {2004},
 isbn = {1-58113-844-X},
 location = {New York, NY, USA},
 pages = {224--233},
 numpages = {10},
 url = {http://doi.acm.org/10.1145/988672.988703},
 doi = {10.1145/988672.988703},
 publisher = {ACM},
 address = {New York, NY, USA},
 keywords = {model-view-controller, template engine, web application}
}

@misc{semver,
 author = {Tom Preston},
  keywords = {semantic versioning},
  title = {{Semantic Versioning 2.0.0}},
  url = {http://semver.org},
}

@misc{cml-repo,
  author = {Quenio Cesar Machado dos Santos},
  title = {{Conceptual Modeling Language - Source Code Repository}},
  year = 2017,
  url = {http://github.com/orgs/cmlang}
}

@incollection{er,
author="Chen, Peter Pin-Shan",
editor="Embley, David W. and Thalheim, Bernhard",
title={{The Entity-Relationship Model (Reprinted Historic Data)}},
bookTitle="Handbook of Conceptual Modeling: Theory, Practice, and Research Challenges",
year="2011",
publisher="Springer Berlin Heidelberg",
address="Berlin, Heidelberg",
pages="57--84",
isbn="978-3-642-15865-0",
doi="10.1007/978-3-642-15865-0_3",
url="http://dx.doi.org/10.1007/978-3-642-15865-0_3"
}

@book{antlr,
 author = {Parr, Terence},
 title = {The Definitive ANTLR 4 Reference},
 year = {2013},
 isbn = {1934356999, 9781934356999},
 edition = {2nd},
 publisher = {Pragmatic Bookshelf},
}
